@book{hottbook,
  author =    {The {Univalent Foundations Program}},
  title =     {Homotopy Type Theory: Univalent Foundations of Mathematics},
  publisher = {\url{https://homotopytypetheory.org/book}},
  address =   {Institute for Advanced Study},
  year =      2013
}

@article{martin2021intuitionistic,
  title={Intuitionistic Type Theory: Notes by Giovanni Sambin of a series of lectures given in Padova, June 1980},
  author={Martin-L{\"o}f, Per},
  year={2021},
  publisher={Digital Edition}
}

@article{leantt,
  title={The Type Theory of Lean},
  author={Mario Carneiro},
  year={2019},
  url={https://github.com/digama0/lean-type-theory/releases}
}

@article{bowen,
  title={Equilibrium states and the ergodic theory of Anosov diffeomorphisms},
  author={Bowen, Rufus},
  journal={Lecture notes in mathematics},
  volume={470},
  pages={11--25},
  year={1975},
  publisher={Springer}
}

@online{ncat,
  title={Martin-LÃ¶f dependent type theory in nLab},
  year={2024},
  url={https://ncatlab.org/nlab/show/Martin-L%C3%B6f+dependent+type+theory}
}

@online{leanblueprint,
  title={Lean blueprints},
  url={https://github.com/PatrickMassot/leanblueprint},
  author={Massot, Patrick}
}
